@book{williamson1788elements,
  title={The Elements of Euclid. With Dissertations... by James Williamson},
  author={Williamson, James},
  volume={2},
  year={1788},
  publisher={Clarendon Press}
}

@misc{matematicka_logika,
title = {{Matematicka logika}},
note = {on-line at: \url{http://www1.pmf.ni.ac.rs/pmf/predmeti/1001/ML-P09-K-1.pdf}},
}

@book{weyl2013levels,
  title={Levels of infinity: selected writings on mathematics and philosophy},
  author={Weyl, Hermann},
  year={2013},
  publisher={Courier Corporation}
}

@misc{beskonačno2016,
title = {Beskonačno: Kako je nastao najinteligentniji simbol},
note = {on-line at: \url{https://www.danas.rs/zivot/beskonacno-kako-je-nastao-najinteligentniji-simbol/
Dnevni list Danas}},
    author = {Danas},
    year = {2016}
}

@misc{klaric2016,
title = {{Osnovna znanja o realnim brojevima u nastavi
matematike}},
note = {on-line at: \url{https://repozitorij.unios.hr/islandora/object/mathos%3A63/datastream/PDF/view}},
    author = {Klarić, Matea},
    year = {2016}
}